@software{jax2018github,
  author = {James Bradbury and Roy Frostig and Peter Hawkins and Matthew James Johnson and Chris Leary and Dougal Maclaurin and George Necula and Adam Paszke and Jake Vander{P}las and Skye Wanderman-{M}ilne and Qiao Zhang},
  title = {{JAX}: composable transformations of {P}ython+{N}um{P}y programs},
  url = {http://github.com/jax-ml/jax},
  version = {0.3.13},
  year = {2018},
}

@book{BornWolf1999,
  author = {Born, Max and Wolf, Emil},
  title = {Principles of Optics: Electromagnetic Theory of Propagation, Interference and Diffraction of Light},
  publisher = {Cambridge University Press},
  year = {1999},
  edition = {7},
  doi = {10.1017/CBO9781139644181}
}

@software{tmmSbyrnes,
  author = {Steven Byrnes},
  title = {tmm: A transfer-matrix method (TMM) optics calculator},
  year = {2012},
  version = {0.2.0},
  url = {https://github.com/sbyrnes321/tmm}
}

@article{luce2022tmm,
  title={{TMM-Fast}, a transfer matrix computation package for multilayer thin-film optimization: tutorial},
  author={Luce, Alexander and Mahdavi, Ali and Marquardt, Florian and Wankerl, Heribert},
  journal={Journal of the Optical Society of America A},
  volume={39},
  number={6},
  pages={1007--1013},
  year={2022},
  doi={10.1364/JOSAA.450928}
}
